@article{ornl-2536,
  author  = {D. Scott and G.W. Alwang and E.F. Demski and W.J. Fader and E.V. Sandin and R.E. Malenfant},
  title   = {A Zero Power Reflector-Moderated Reactor Experiment at Elevated Temperature},
  journal = {oak ridge national laboratory},
  year    = 1958,
  volume  = {ornl-2536}
}
